% This file was created with JabRef 2.7b.
% Encoding: UTF-8

@INPROCEEDINGS{anrys2004image,
  author = {Anrys, Frederik and Dutr{\'e}, Philip and Willems, YD},
  title = {Image based lighting design},
  booktitle = {the 4th IASTED International Conference on Visualization, Imaging,
	and Image Processing},
  year = {2004}
}

@OTHER{ambistudy,
  author = {Prof. Dr. Ir. S.H.A. Begemann},
  howpublished = {web},
  timestamp = {2013.08.03},
  title = {A scientific study on the effects of Ambilight in flat-panel displays},
  url = {http://www.embedded.com/design/embedded/4012996/1/A-scientific-study-on-the-effects-of-Ambilight-in-flat-panel-displays},
  year = {2005}
}

@ARTICLE{blinn1976texture,
  author = {Blinn, James F and Newell, Martin E},
  title = {Texture and reflection in computer generated images},
  journal = {Communications of the ACM},
  year = {1976},
  volume = {19},
  pages = {542--547},
  number = {10},
  publisher = {ACM}
}

@ARTICLE{choudhury2007survey,
  author = {Choudhury, Biswarup and Chandran, Sharat and Herder, Jens},
  title = {A survey of image-based relighting techniques},
  journal = {Journal of Virtual Reality and Broadcasting},
  year = {2007},
  volume = {4},
  number = {7}
}

@INPROCEEDINGS{corsini2008stereo,
  author = {Corsini, Massimiliano and Callieri, Marco and Cignoni, Paolo},
  title = {Stereo light probe},
  booktitle = {Computer Graphics Forum},
  year = {2008},
  volume = {27},
  number = {2},
  pages = {291--300},
  organization = {Wiley Online Library}
}

@INPROCEEDINGS{debevec1998rendering,
  author = {Debevec, Paul},
  title = {Rendering synthetic objects into real scenes: Birging traditional
	and image-based graphics with global illumiation and high dynamic
	reage photograph},
  booktitle = {SIGGRAPH'98 Conf. Proc.},
  year = {1998},
  pages = {189--198}
}

@INPROCEEDINGS{debevec2000acquiring,
  author = {Debevec, Paul and Hawkins, Tim and Tchou, Chris and Duiker, Haarm-Pieter
	and Sarokin, Westley and Sagar, Mark},
  title = {Acquiring the reflectance field of a human face},
  booktitle = {Proceedings of the 27th annual conference on Computer graphics and
	interactive techniques},
  year = {2000},
  pages = {145--156},
  organization = {ACM Press/Addison-Wesley Publishing Co.}
}

@BOOK{debevec2002lighting,
  title = {A lighting reproduction approach to live-action compositing},
  publisher = {ACM},
  year = {2002},
  author = {Debevec, Paul and Wenger, Andreas and Tchou, Chris and Gardner, Andrew
	and Waese, Jamie and Hawkins, Tim},
  volume = {21},
  number = {3}
}

@INPROCEEDINGS{debevec2008recovering,
  author = {Debevec, Paul E and Malik, Jitendra},
  title = {Recovering high dynamic range radiance maps from photographs},
  booktitle = {ACM SIGGRAPH 2008 classes},
  year = {2008},
  pages = {31},
  organization = {ACM}
}

@ARTICLE{ellis2013auto,
  author = {Ellis, Eugenia V and Gonzalez, Elizabeth W and Kratzer, David A and
	McEachron, Donald L and Yeutter, Greg},
  title = {Auto-tuning Daylight with LEDs: Sustainable Lighting for Health and
	Wellbeing},
  journal = {THE VISIBILITY OF RESEARCH},
  year = {2013},
  pages = {465}
}

@ARTICLE{fliege1999distribution,
  author = {Fliege, J{\"o}rg and Maier, Ulrike},
  title = {The distribution of points on the sphere and corresponding cubature
	formulae},
  journal = {IMA Journal of Numerical Analysis},
  year = {1999},
  volume = {19},
  pages = {317--334},
  number = {2},
  publisher = {Oxford University Press},
  url = {http://www.mathematik.uni-dortmund.de/lsx/research/projects/fliege/nodes/nodes.html}
}

@ARTICLE{fuchs2009advanced,
  author = {Fuchs, Martin},
  title = {Advanced methods for relightable scene representations in image space},
  year = {2009},
  pages = {87-88}
}

@INPROCEEDINGS{fuchs2005bayesian,
  author = {Fuchs, Martin and Blanz, Volker and Seidel, Hans-Peter},
  title = {Bayesian relighting},
  booktitle = {Proceedings of the Sixteenth Eurographics conference on Rendering
	Techniques},
  year = {2005},
  pages = {157--164},
  organization = {Eurographics Association}
}

@INPROCEEDINGS{ghosh2005real,
  author = {Ghosh, Abhijeet and Trentacoste, Matthew and Seetzen, Helge and Heidrich,
	Wolfgang},
  title = {Real illumination from virtual environments},
  booktitle = {ACM SIGGRAPH 2005 Sketches},
  year = {2005},
  pages = {41},
  organization = {ACM}
}

@INPROCEEDINGS{gross2003blue,
  author = {Gross, Markus and W{\"u}rmlin, Stephan and Naef, Martin and Lamboray,
	Edouard and Spagno, Christian and Kunz, Andreas and Koller-Meier,
	Esther and Svoboda, Tomas and Van Gool, Luc and Lang, Silke and others},
  title = {blue-c: a spatially immersive display and 3D video portal for telepresence},
  booktitle = {ACM Transactions on Graphics (TOG)},
  year = {2003},
  volume = {22},
  number = {3},
  pages = {819--827},
  organization = {ACM}
}

@OTHER{HAEBERLI,
  author = {Haeberli, Paul},
  timestamp = {2013.09.26},
  url = {http://www.graficaobscura.com/synth/index.html}
}

@INPROCEEDINGS{jones2013illumiroom,
  author = {Jones, Brett R and Benko, Hrvoje and Ofek, Eyal and Wilson, Andrew
	D},
  title = {IllumiRoom: peripheral projected illusions for interactive experiences},
  booktitle = {Proceedings of the SIGCHI Conference on Human Factors in Computing
	Systems},
  year = {2013},
  pages = {869--878},
  organization = {ACM}
}

@INPROCEEDINGS{masselus2002free,
  author = {Masselus, Vincent and Dutr{\'e}, Philip and Anrys, Frederik},
  title = {The free-form light stage},
  booktitle = {Proceedings of the 13th Eurographics workshop on Rendering},
  year = {2002},
  pages = {247--256},
  organization = {Eurographics Association}
}

@INPROCEEDINGS{matusik2004progressively,
  author = {Matusik, Wojciech and Loper, Matthew and Pfister, Hanspeter},
  title = {Progressively-Refined Reflectance Functions from natural Illumination.},
  booktitle = {Rendering Techniques},
  year = {2004},
  pages = {299--308}
}

@INPROCEEDINGS{mohan2005table,
  author = {Mohan, Ankit and Tumblin, Jack and Bodenheimer, Bobby and Bailey,
	Reynold and Grimm, Cindy},
  title = {Table-top computed lighting for practical digital photography},
  booktitle = {ACM SIGGRAPH 2005 Sketches},
  year = {2005},
  pages = {76},
  organization = {ACM},
  url = {http://www.mathematik.uni-dortmund.de/lsx/research/projects/fliege/nodes/nodes.html}
}

@ARTICLE{muthu2002red,
  author = {Muthu, Subramanian and Schuurmans, Frank JP and Pashley, Michael
	D},
  title = {Red, green, and blue LEDs for white light illumination},
  journal = {Selected Topics in Quantum Electronics, IEEE Journal of},
  year = {2002},
  volume = {8},
  pages = {333--338},
  number = {2},
  publisher = {IEEE}
}

@INPROCEEDINGS{robertson1999dynamic,
  author = {Robertson, Mark A and Borman, Sean and Stevenson, Robert L},
  title = {Dynamic range improvement through multiple exposures},
  booktitle = {Image Processing, 1999. ICIP 99. Proceedings. 1999 International
	Conference on},
  year = {1999},
  volume = {3},
  pages = {159--163},
  organization = {IEEE}
}

@ARTICLE{saff1997distributing,
  author = {Saff, Edward B and Kuijlaars, A BJ},
  title = {Distributing many points on a sphere},
  journal = {The Mathematical Intelligencer},
  year = {1997},
  volume = {19},
  pages = {5--11},
  number = {1},
  publisher = {Springer}
}

@INPROCEEDINGS{schoeneman1993painting,
  author = {Schoeneman, Chris and Dorsey, Julie and Smits, Brian and Arvo, James
	and Greenberg, Donald},
  title = {Painting with light},
  booktitle = {Proceedings of the 20th annual conference on Computer graphics and
	interactive techniques},
  year = {1993},
  pages = {143--146},
  organization = {ACM}
}

@ARTICLE{waese2009real,
  author = {Waese, Jamie},
  title = {A real time high dynamic range light probe},
  journal = {People},
  year = {2009},
  volume = {2010}
}

@ARTICLE{wexner1954degree,
  author = {Wexner, Lois B},
  title = {The degree to which colors (hues) are associated with mood-tones.},
  journal = {Journal of applied psychology},
  year = {1954},
  volume = {38},
  pages = {432},
  number = {6},
  publisher = {American Psychological Association}
}

@OTHER{CVXOPT,
  timestamp = {2013.09.25},
  url = {http://cvxopt.org/}
}

@OTHER{HUE,
  timestamp = {2013.08.03},
  url = {http://www.meethue.com/}
}

@OTHER{OCTO,
  timestamp = {2013.09.26},
  url = {http://www.pjrc.com/teensy/td_libs_OctoWS2811.html}
}

@OTHER{PFS,
  timestamp = {2013.08.03},
  url = {http://www.mpi-inf.mpg.de/resources/hdr/calibration/pfs.html}
}

@OTHER{PROBES,
  timestamp = {2013.09.25},
  url = {http://www.pauldebevec.com/Probes/}
}

@OTHER{TEENSY,
  timestamp = {2013.09.26},
  url = {http://www.pjrc.com/store/teensy3.html}
}

@OTHER{WS2812,
  timestamp = {2013.09.03},
  url = {http://www.world-semi.com/en/}
}

